@misc{Neo4j,
  author = {Neo4j},
  title = {Neo4j Graph Database: High-speed graph database with unbounded scale, security, and data integrity for mission-critical intelligent applications.},
  year = 2024,
  url = {https://neo4j.com/product/neo4j-graph-database/},
  urldate = {2024-02-15}
}
@misc{Cypher,
  author = {Neo4j},
  title = {Query a Neo4j database using Cypher},
  year = 2024,
  url = {https://neo4j.com/docs/getting-started/cypher-intro/},
  urldate = {2024-02-15}
}
@misc{GraphQL,
  author = {GraphQL},
  title = {A query language for your API},
  year = 2024,
  url = {https://graphql.org/},
  urldate = {2024-02-15}
}
@misc{Neo4jGraphQL,
  author = {Neo4j},
  title = {A GraphQL to Cypher query execution layer for Neo4j and JavaScript GraphQL implementations.},
  year = 2024,
  url = {https://github.com/neo4j/graphql},
  urldate = {2024-02-15}
}
@misc{Neo4jLabels,
  author = {Neo4j},
  title = {Graph database concepts},
  year = 2024,
  url = {https://neo4j.com/docs/getting-started/appendix/graphdb-concepts/#graphdb-labels},
  urldate = {2024-05-13}
}
@misc{Node.js,
  author = {OpenJS Foundation },
  title = {Node.jsÂ® is an open-source, cross-platform JavaScript runtime environment},
  year = 2024,
  url = {https://nodejs.org/en},
  urldate = {2024-02-15}
}
@misc{Express.js,
  author = {OpenJS Foundation},
  title = {Fast, unopinionated, minimalist web framework for Node.js},
  year = 2024,
  url = {https://expressjs.com},
  urldate = {2024-02-15}
}
@misc{Vue.js,
  author = {Vuejs},
  title = {Vue.js - The Progressive JavaScript Framework},
  year = 2024,
  url = {https://vuejs.org/},
  urldate = {2024-02-15}
}